% Intro -----------------------------------------------------

@misc{np_comp,
  author = {Britannica, T. Editors of Encyclopaedia},
  title = {NP-complete problem},
  year = {2024},
  month = {June 28},
  howpublished = {\url{https://www.britannica.com/science/NP-complete-problem}},
}

@book{10.5555/1614191,
    author = {Cormen, Thomas H. and Leiserson, Charles E. and Rivest, Ronald L. and Stein, Clifford},
    title = {Introduction to Algorithms, Third Edition},
    year = {2009},
    isbn = {0262033844},
    publisher = {The MIT Press},
    edition = {3rd},
}

@thesis{biron2006,
    author = {Biron, David},
    title = {The Traveling Salesman Problem: Deceptively Easy to State; Notoriously Hard to Solve},
    type = {Senior Thesis},
    institution = {Liberty University},
    year = {2006},
    url = {https://digitalcommons.liberty.edu/cgi/viewcontent.cgi?article=1196&context=honors}
}

@book{fischetti2019,
    author = {Matteo Fischetti},
    title = {Introduction to Mathematical Optimization},
    year = {2019},
    isbn = {1692792024},
    publisher = {Independently published},
    edition = {3rd},
}

@misc{TSPLIB95,
    author = {Reinelt, G.},
    title = {TSPLIB - A Traveling Salesman Problem Library},
    year = {1991},
    howpublished = {\url{http://comopt.ifi.uni-heidelberg.de/software/TSPLIB95/index.html}},
}

@misc{wiki:TSP,
    author = "Wikipedia",
    title = "Travelling Salesman Problem --- Wikipedia{,} The Free Encyclopedia",
    year = "2024",
    url = "https://en.wikipedia.org/wiki/Travelling_salesman_problem",
    note = "[Online; accessed 5-April-2024]"
}

@misc{unknown:TSP,
    author = "Princeston University Press",
    title = "The TSP Book",
    year = "----",
    url = "http://assets.press.princeton.edu/chapters/s8451.pdf",
}

@phdthesis{fortini2007lp,
    author = {Matteo Fortini},
    title = {LP-based Heuristics for the Traveling Salesman Problem},
    school = {University of Bologna},
    year = {2007},
    type = {PhD thesis},
    address = {Bologna, Italy},
    month = {March},
}

% Heuristics ------------------------------------------------
%article inproceedings

@article{article,
    author = {Nilsson, Christian},
    journal = {Link¨oping University},
    year = {2003},
    month = {01},
    title = {Heuristics for the Traveling Salesman Problem}
}

@article{2opt,
    ISSN = {0030364X, 15265463},
    URL = {http://www.jstor.org/stable/167074},
    author = {G. A. Croes},
    journal = {Operations Research},
    number = {6},
    pages = {791--812},
    publisher = {INFORMS},
    title = {A Method for Solving Traveling-Salesman Problems},
    urldate = {2024-07-19},
    volume = {6},
    year = {1958}
}

@article{inproceedings,
    author = {Steiglitz, Kenneth and Weiner, Peter},
    journal = {-},
    year = {1968},
    month = {01},
    pages = {},
    title = {Some Improved Algorithms for Computer Solution of the Traveling Salesman Problem}
}

% Metaheuristics --------------------------------------------

@book{tabusearch,
    author = {Glover, Fred and Laguna, Manuel},
    year = {1999},
    month = {01},
    pages = {},
    title = {Tabu search I},
    volume = {1},
    publisher = {KLUWER},
    isbn = {978-0-7923-9965-0},
    journal = {ORSA Journal on Computing},
    doi = {10.1287/ijoc.1.3.190}
}

@article{MLADENOVIC19971097,
    title = {Variable neighborhood search},
    author = {N. Mladenović and P. Hansen},
    journal = {Computers \& Operations Research},
    year = {1997},
    volume = {24},
    number = {11},
    pages = {1097--1100},
    doi = {10.1016/S0305-0548(97)00031-2},
    issn = {0305-0548},
    url = {https://www.sciencedirect.com/science/article/pii/S0305054897000312},
}

@inbook{Hansen2019,
    author = {Pierre Hansen and Nenad Mladenovi{\'{c}} and Jack Brimberg and Jos{\'{e}} A. Moreno P{\'{e}}rez},
    editor = {Michel Gendreau and Jean-Yves Potvin},
    title = {Variable Neighborhood Search},
    booktitle = {Handbook of Metaheuristics},
    publisher = {Springer International Publishing},
    year = {2019},
    address = {Cham},
    pages = {57--97},
    doi = {10.1007/978-3-319-91086-4_3},
    isbn = {978-3-319-91086-4},
    url = {https://doi.org/10.1007/978-3-319-91086-4_3},
}

@inbook{Hansenvns,
    author = {Hansen, Pierre and Mladenovic, Nenad},
    year = {2009},
    month = {01},
    pages = {3978-},
    title = {Variable Neighborhood Search Methods},
    volume = {22},
    isbn = {978-0-387-74758-3},
    publisher = {----},
    journal = {Search Methodologies: Introductory Tutorials in Optimization and Decision Support Techniques},
    doi = {10.1007/978-0-387-74759-0_694}
}

% ExactModels -----------------------------------------------

@misc{Cplex:TSP,
    author = "IBM",
    title = "IBM ILOG CPLEX Optimization Studio",
    year = "----",
    url = "https://www.ibm.com/products/ilog-cplex-optimization-studio?mhsrc=ibmsearch_a&mhq=cplex",
}

@misc{conc,
    author = {{Concorde}},
    title = {Concorde TSP Solver},
    howpublished = {\url{https://www.math.uwaterloo.ca/tsp/concorde.html}},
}

% Matheuristics ---------------------------------------------

@misc{wiki:Heuristic,
    author = "Wikipedia",
    title = "Heuristic --- Wikipedia{,} The Free Encyclopedia",
    year = "----",
    url = "https://en.wikipedia.org/wiki/Heuristic",
    note = "[Online; accessed 5-April-2024]"
}

@article{Fischetti2003,
    title = {Local Branching},
    author = {Fischetti, Matteo and Lodi, Andrea},
    journal = {Mathematical Programming},
    year = {2003},
    volume = {98},
    number = {1},
    pages = {23--47},
    doi = {10.1007/s10107-003-0395-5},
    url = {https://doi.org/10.1007/s10107-003-0395-5},
    date = {2003/09/01},
    date-added = {2024-07-20 10:36:37 +0200},
    date-modified = {2024-07-20 10:36:37 +0200},
    isbn = {1436-4646}
}

% Conclusions -----------------------------------------------

@article{dolan2002benchmarking,
    title = {Benchmarking optimization software with performance profiles},
    author = {Dolan, E. D. and Mor{\'e}, J.J.},
    journal = {Mathematical Programming},
    volume = {91},
    number = {2},
    pages = {201--213},
    year = {2002},
    publisher = {Springer}
}

@misc{salvagnin2016performance,
    author = {D. Salvagnin},
    title = {Performance Profile},
    year = {2016},
    url = {https://www.dei.unipd.it/~fisch/ricop/OR2/PerfProf/read_me.txt}
}